@book{carroll2004spacetime,
  title={Spacetime and Geometry: An Introduction to General Relativity},
  author={Carroll, Sean M},
  year={2004},
  publisher={Cambridge University Press}
}
@book{Manoukian:2016jpj,
    author = "Manoukian, Edouard B.",
    title = "{Quantum field theory}: {Vol. 2: Introductions to Quantum Gravity, Supersymmetry and String Theory}",
    publisher = "Springer",
    year = "2016"
}
@article{Hinterbichler:2011tt,
    author = "Hinterbichler, Kurt",
    title = "{Theoretical Aspects of Massive Gravity}",
    eprint = "1105.3735",
    archivePrefix = "arXiv",
    primaryClass = "hep-th",
    year = "2012"
}

@article{Juanjo,
    author = "Fernández, Juan José",
    title = "{Teorías de Campos Bosónicos
Una introducción a los campos de Spin-1, Spin-2 y Kalb-Ramond}",
    archivePrefix = "Universidad de Granada",
    year = "2023"}