@ARTICLE{2014arXiv1401_4173,
       author = {{de Rham}, Claudia},
        title = "{Massive Gravity}",
      journal = {Living Reviews in Relativity},
     keywords = {General relativity, Gravity, Alternative theories of gravity, Modified theories of gravity, Massive gravity, High Energy Physics - Theory},
         year = 2014,
        month = dec,
       volume = {17},
       number = {1},
          eid = {7},
        pages = {7},
          doi = {10.12942/lrr-2014-7},
archivePrefix = {arXiv},
       eprint = {1401.4173},
 primaryClass = {hep-th},
       adsurl = {https://ui.adsabs.harvard.edu/abs/2014LRR....17....7D},
      adsnote = {Provided by the SAO/NASA Astrophysics Data System}
}

@article{HiggsParticle,
    author = "Aad, Georges and others",
    collaboration = "ATLAS",
    title = "{Observation of a new particle in the search for the Standard Model Higgs boson with the ATLAS detector at the LHC}",
    eprint = "1207.7214",
    archivePrefix = "arXiv",
    primaryClass = "hep-ex",
    reportNumber = "CERN-PH-EP-2012-218",
    doi = "10.1016/j.physletb.2012.08.020",
    journal = "Phys. Lett. B",
    volume = "716",
    pages = "1--29",
    year = "2012"
}

@article{WZParticle,
    author = "Di Lella, Luigi and Rubbia, Carlo",
    title = "{The Discovery of the W and Z Particles}",
    doi = "10.1142/9789814644150_0006",
    journal = "Adv. Ser. Direct. High Energy Phys.",
    volume = "23",
    pages = "137--163",
    year = "2015"
}

@article{Aste:1997rh,
    author = "Aste, Andreas W. and Scharf, Gunter and Duetsch, Michael",
    title = "{Perturbative gauge invariance: Electroweak theory. II}",
    eprint = "hep-th/9702053",
    archivePrefix = "arXiv",
    reportNumber = "ZU-TH-4-97",
    doi = "10.1002/(SICI)1521-3889(199905)8:5<389::AID-ANDP389>3.0.CO;2-A",
    journal = "Annalen Phys.",
    volume = "8",
    pages = "389--404",
    year = "1999"
}

@ARTICLE{2015arXiv1506_02210,
       author = {{Woodard}, R.~P.},
        title = "{The Theorem of Ostrogradsky}",
      journal = {arXiv e-prints},
     keywords = {High Energy Physics - Theory},
         year = 2015,
        month = jun,
          eid = {arXiv:1506.02210},
        pages = {arXiv:1506.02210},
archivePrefix = {arXiv},
       eprint = {1506.02210},
 primaryClass = {hep-th},
       adsurl = {https://ui.adsabs.harvard.edu/abs/2015arXiv150602210W},
      adsnote = {Provided by the SAO/NASA Astrophysics Data System}
}

@BOOK{JanssenBook,
	author = {Bert Janssen},
	year = 2022,
	title = "{Gravitación y Geometría}",
	edition = 1,
	publisher = {Universidad de Granada}
}

@book{Schwartz:2014sze,
    author = "Schwartz, Matthew D.",
    title = "{Quantum Field Theory and the Standard Model}",
    isbn = "978-1-107-03473-0, 978-1-107-03473-0",
    publisher = "Cambridge University Press",
    month = "3",
    year = "2014"
}

@article{Aste:1998iw,
    author = "Aste, Andreas W. and Scharf, G.",
    title = "{NonAbelian gauge theories as a consequence of perturbative quantum gauge invariance}",
    eprint = "hep-th/9803011",
    archivePrefix = "arXiv",
    reportNumber = "ZU-TH-6-98",
    doi = "10.1142/S0217751X99001573",
    journal = "Int. J. Mod. Phys. A",
    volume = "14",
    pages = "3421--3434",
    year = "1999"
}

@article{Salimkhani:2020kdn,
    author = "Salimkhani, Kian",
    title = "{The dynamical approach to spin-2 gravity}",
    doi = "10.1016/j.shpsb.2020.05.002",
    journal = "Stud. Hist. Phil. Sci. B",
    volume = "72",
    pages = "29--45",
    year = "2020"
}

@book{Wald:1984rg,
    author = "Wald, Robert M.",
    title = "{General Relativity}",
    doi = "10.7208/chicago/9780226870373.001.0001",
    publisher = "Chicago Univ. Pr.",
    address = "Chicago, USA",
    year = "1984"
}

@article{Ostrogradskytheorem,
    author = "Woodard, Richard P.",
    title = "{Ostrogradsky's theorem on Hamiltonian instability}",
    eprint = "1506.02210",
    archivePrefix = "arXiv",
    primaryClass = "hep-th",
    reportNumber = "UFIFT-QG-15-03",
    doi = "10.4249/scholarpedia.32243",
    journal = "Scholarpedia",
    volume = "10",
    number = "8",
    pages = "32243",
    year = "2015"
}

@article{Ostrogradsky:1850fid,
    author = "Ostrogradsky, M.",
    title = "{M\'emoires sur les \'equations diff\'erentielles, relatives au probl\`eme des isop\'erim\`etres}",
    journal = "Mem. Acad. St. Petersbourg",
    volume = "6",
    number = "4",
    pages = "385--517",
    year = "1850"
}

@article{Kalb:1974yc,
    author = "Kalb, Michael and Ramond, Pierre",
    title = "{Classical direct interstring action}",
    doi = "10.1103/PhysRevD.9.2273",
    journal = "Phys. Rev. D",
    volume = "9",
    pages = "2273--2284",
    year = "1974"
}

@article{Gourgoulhon:2007ue,
    author = "Gourgoulhon, Eric",
    title = "{3+1 formalism and bases of numerical relativity}",
    eprint = "gr-qc/0703035",
    archivePrefix = "arXiv",
    month = "3",
    year = "2007"
}

@article{Wigner:1939cj,
    author = "Wigner, Eugene P.",
    editor = "Kim, Y. S. and Zachary, W. W.",
    title = "{On Unitary Representations of the Inhomogeneous Lorentz Group}",
    doi = "10.2307/1968551",
    journal = "Annals Math.",
    volume = "40",
    pages = "149--204",
    year = "1939"
}

@article{Ruegg:2003ps,
    author = "Ruegg, Henri and Ruiz-Altaba, Marti",
    title = "{The Stueckelberg field}",
    eprint = "hep-th/0304245",
    archivePrefix = "arXiv",
    reportNumber = "UGVA-DPT-2003-04-1106, UGVA-DPT-04-1106",
    doi = "10.1142/S0217751X04019755",
    journal = "Int. J. Mod. Phys. A",
    volume = "19",
    pages = "3265--3348",
    year = "2004"
}

@ARTICLE{ProcaBiblio,
       author = {{Poenaru}, Dorin N.},
        title = "{Alexandru Proca (1897--1955) the Great Physicist}",
      journal = {arXiv e-prints},
     keywords = {History of Physics},
         year = 2005,
        month = aug,
          eid = {physics/0508195},
        pages = {physics/0508195},
archivePrefix = {arXiv},
       eprint = {physics/0508195},
 primaryClass = {physics.hist-ph},
       adsurl = {https://ui.adsabs.harvard.edu/abs/2005physics...8195P},
      adsnote = {Provided by the SAO/NASA Astrophysics Data System}
}

@article{Yang:2020eow,
    author = "Yang, Li-Ping and Khosravi, Farhad. and Jacob, Zubin",
    title = "{Quantum field theory for spin operator of the photon}",
    eprint = "2004.03771",
    archivePrefix = "arXiv",
    primaryClass = "quant-ph",
    doi = "10.1103/PhysRevResearch.4.023165",
    journal = "Phys. Rev. Res.",
    volume = "4",
    pages = "023165",
    year = "2022"
}

@article{ATLAS:2012yve,
    author = "Aad, Georges and others",
    collaboration = "ATLAS",
    title = "{Observation of a new particle in the search for the Standard Model Higgs boson with the ATLAS detector at the LHC}",
    eprint = "1207.7214",
    archivePrefix = "arXiv",
    primaryClass = "hep-ex",
    reportNumber = "CERN-PH-EP-2012-218",
    doi = "10.1016/j.physletb.2012.08.020",
    journal = "Phys. Lett. B",
    volume = "716",
    pages = "1--29",
    year = "2012"
}

@article{LIGOScientific:2016aoc,
    author = "Abbott, B. P. and others",
    collaboration = "LIGO Scientific, Virgo",
    title = "{Observation of Gravitational Waves from a Binary Black Hole Merger}",
    eprint = "1602.03837",
    archivePrefix = "arXiv",
    primaryClass = "gr-qc",
    reportNumber = "LIGO-P150914",
    doi = "10.1103/PhysRevLett.116.061102",
    journal = "Phys. Rev. Lett.",
    volume = "116",
    number = "6",
    pages = "061102",
    year = "2016"
}

@article{Fierz:1939ix,
    author = "Fierz, M. and Pauli, W.",
    title = "{On relativistic wave equations for particles of arbitrary spin in an electromagnetic field}",
    doi = "10.1098/rspa.1939.0140",
    journal = "Proc. Roy. Soc. Lond. A",
    volume = "173",
    pages = "211--232",
    year = "1939"
}

@article{Kessel:2017mxa,
    author = "Kessel, Pan",
    title = "{The Very Basics of Higher-Spin Theory}",
    eprint = "1702.03694",
    archivePrefix = "arXiv",
    primaryClass = "hep-th",
    doi = "10.22323/1.296.0001",
    journal = "PoS",
    volume = "Modave2016",
    pages = "001",
    year = "2017"
}

@article{Rahman:2015pzl,
    author = "Rahman, Rakibur and Taronna, Massimo",
    title = "{From Higher Spins to Strings: A Primer}",
    eprint = "1512.07932",
    archivePrefix = "arXiv",
    primaryClass = "hep-th",
    month = "12",
    year = "2015"
}

@article{Blasi:2017pkk,
    author = "Blasi, Alberto and Maggiore, Nicola",
    title = "{Massive gravity and Fierz-Pauli theory}",
    eprint = "1706.08140",
    archivePrefix = "arXiv",
    primaryClass = "hep-th",
    doi = "10.1140/epjc/s10052-017-5205-y",
    journal = "Eur. Phys. J. C",
    volume = "77",
    number = "9",
    pages = "614",
    year = "2017"
}

@article{Boulware:1972yco,
    author = "Boulware, D. G. and Deser, Stanley",
    title = "{Can gravitation have a finite range?}",
    doi = "10.1103/PhysRevD.6.3368",
    journal = "Phys. Rev. D",
    volume = "6",
    pages = "3368--3382",
    year = "1972"
}

@article{Jaccard:2012ut,
    author = "Jaccard, Maud and Maggiore, Michele and Mitsou, Ermis",
    title = "{Bardeen variables and hidden gauge symmetries in linearized massive gravity}",
    eprint = "1211.1562",
    archivePrefix = "arXiv",
    primaryClass = "hep-th",
    doi = "10.1103/PhysRevD.87.044017",
    journal = "Phys. Rev. D",
    volume = "87",
    number = "4",
    pages = "044017",
    year = "2013"
}

@article{VanNieuwenhuizen:1973fi,
    author = "Van Nieuwenhuizen, P.",
    title = "{On ghost-free tensor lagrangians and linearized gravitation}",
    doi = "10.1016/0550-3213(73)90194-6",
    journal = "Nucl. Phys. B",
    volume = "60",
    pages = "478--492",
    year = "1973"
}

@mastersthesis{Wellmann:2001sx,
    author = "Wellmann, Mark",
    title = "{Gravity as the spin-2 quantum gauge theory}",
    eprint = "hep-th/0103034",
    archivePrefix = "arXiv",
    reportNumber = "ZU-TH-10-01",
    type = "Other thesis",
    month = "3",
    year = "2001"
}

@article{Schmidt-May:2015vnx,
    author = "Schmidt-May, Angnis and von Strauss, Mikael",
    title = "{Recent developments in bimetric theory}",
    eprint = "1512.00021",
    archivePrefix = "arXiv",
    primaryClass = "hep-th",
    doi = "10.1088/1751-8113/49/18/183001",
    journal = "J. Phys. A",
    volume = "49",
    number = "18",
    pages = "183001",
    year = "2016"
}

@article{Edmund:2000,
    author = "Edmund Bertschinger",
    title = "{Gravitation in the Weak-Field Limit}",
    primaryClass = "hep-th",
    journal = "Massachusetts Institute of Technology",
    pages = "18",
    year = "2000"
}

@article{Gupta_1952,
	author = {Suraj N Gupta},
	date-modified = {2022-08-23 13:11:47 +0100},
	doi = {10.1088/0370-1298/65/3/301},
	journal = {Proceedings of the Physical Society. Section A},
	month = {mar},
	number = {3},
	pages = {161--169},
	publisher = {{IOP} Publishing},
	read = {0},
	title = {Quantization of Einstein{\textquotesingle}s Gravitational Field: Linear Approximation},
	url = {https://doi.org/10.1088/0370-1298/65/3/301},
	volume = {65},
	year = 1952,
	bdsk-url-1 = {https://doi.org/10.1088/0370-1298/65/3/301}}
	
@article{Dirkes:2018nkq,
    author = "Dirkes, Alain",
    title = "{Gravitational waves \textemdash{} A review on the theoretical foundations of gravitational radiation}",
    eprint = "1802.05958",
    archivePrefix = "arXiv",
    primaryClass = "gr-qc",
    doi = "10.1142/S0217751X18300132",
    journal = "Int. J. Mod. Phys. A",
    volume = "33",
    number = "14n15",
    pages = "1830013",
    year = "2018"
}

@article{Kazempour:2022asl,
    author = "Kazempour, Sobhan and Zou, Yuan-Chuan and Akbarieh, Amin Rezaei",
    title = "{Analysis of accretion disk around a black hole in dRGT massive gravity}",
    eprint = "2203.05190",
    archivePrefix = "arXiv",
    primaryClass = "gr-qc",
    doi = "10.1140/epjc/s10052-022-10153-y",
    journal = "Eur. Phys. J. C",
    volume = "82",
    number = "3",
    pages = "190",
    year = "2022"
}

@article{Mousavi:2022puq,
    author = "Mousavi, M. and Atazadeh, K.",
    title = "{Cosmological future singularities in massive gravity and massive bigravity}",
    eprint = "2201.00633",
    archivePrefix = "arXiv",
    primaryClass = "gr-qc",
    doi = "10.1016/j.dark.2021.100942",
    journal = "Phys. Dark Univ.",
    volume = "35",
    pages = "100942",
    year = "2022"
}

@article{Feng:2010gw,
    author = "Feng, Jonathan L.",
    title = "{Dark Matter Candidates from Particle Physics and Methods of Detection}",
    eprint = "1003.0904",
    archivePrefix = "arXiv",
    primaryClass = "astro-ph.CO",
    reportNumber = "UCI-TR-2009-13",
    doi = "10.1146/annurev-astro-082708-101659",
    journal = "Ann. Rev. Astron. Astrophys.",
    volume = "48",
    pages = "495--545",
    year = "2010"
}

@inproceedings{Cebrian:2022brv,
    author = "Cebri\'an, Susana",
    title = "{Review on dark matter searches}",
    booktitle = "{10th Symposium on Large TPCs for Low-Energy Rare Event Detection}",
    eprint = "2205.06833",
    archivePrefix = "arXiv",
    primaryClass = "physics.ins-det",
    month = "5",
    year = "2022"
}

@article{Tsujikawa:2013fta,
    author = "Tsujikawa, Shinji",
    title = "{Quintessence: A Review}",
    eprint = "1304.1961",
    archivePrefix = "arXiv",
    primaryClass = "gr-qc",
    doi = "10.1088/0264-9381/30/21/214003",
    journal = "Class. Quant. Grav.",
    volume = "30",
    pages = "214003",
    year = "2013"
}

@book{Taylor:1976ru,
    author = "Taylor, J. C.",
    title = "{Gauge Theories of Weak Interactions}",
    isbn = "978-0-521-29518-5",
    publisher = "Cambridge Univ. Press",
    address = "Cambridge, UK",
    series = "Cambridge Monographs on Mathematical Physics",
    month = "2",
    year = "1979"
}

@article{Hinterbichler:2011tt,
    author = "Hinterbichler, Kurt",
    title = "{Theoretical Aspects of Massive Gravity}",
    eprint = "1105.3735",
    archivePrefix = "arXiv",
    primaryClass = "hep-th",
    doi = "10.1103/RevModPhys.84.671",
    journal = "Rev. Mod. Phys.",
    volume = "84",
    pages = "671--710",
    year = "2012"
}

@article{Rubakov:2004eb,
    author = "Rubakov, V. A.",
    title = "{Lorentz-violating graviton masses: Getting around ghosts, low strong coupling scale and VDVZ discontinuity}",
    eprint = "hep-th/0407104",
    archivePrefix = "arXiv",
    reportNumber = "INR-TH-39-2004",
    month = "7",
    year = "2004"
}

@article{vanDam:1970vg,
    author = "van Dam, H. and Veltman, M. J. G.",
    title = "{Massive and massless Yang-Mills and gravitational fields}",
    doi = "10.1016/0550-3213(70)90416-5",
    journal = "Nucl. Phys. B",
    volume = "22",
    pages = "397--411",
    year = "1970"
}

@article{Zakharov:1970cc,
    author = "Zakharov, V. I.",
    title = "{Linearized gravitation theory and the graviton mass}",
    journal = "JETP Lett.",
    volume = "12",
    pages = "312",
    year = "1970"
}

@article{Heisenberg:2019akx,
    author = "Heisenberg, Lavinia and Trenkler, Georg",
    title = "{Generalization of the 2-form interactions}",
    eprint = "1908.09328",
    archivePrefix = "arXiv",
    primaryClass = "hep-th",
    doi = "10.1088/1475-7516/2020/05/019",
    journal = "JCAP",
    volume = "05",
    pages = "019",
    year = "2020"
}

@book{ortín_2004, 
	place = "Cambridge", 
	series = "Cambridge Monographs on Mathematical Physics", 
	title = "Gravity and Strings", 
	DOI = "10.1017/CBO9780511616563", 
	publisher = "Cambridge University Press", 
	author = "Ortín, Tomás", 
	year = "2004", 
	collection = "Cambridge Monographs on Mathematical Physics"}

 @misc{MaxwellBiblio, title={James Clerk Maxwell - Biography}, url={https://mathshistory.st-andrews.ac.uk/Biographies/Maxwell/}, journal={Maths History}} 